@article{yoshiyuki1995nms,
  title={{New Method of Solving the Traveling Salesman Problem Based on Real Space Renormalization Theory}},
  author={Yoshiyuki, U. and Yoshiki, K.},
  journal={Physical Review Letters},
  volume={75},
  number={9},
  pages={1683--1686},
  year=1995,
  publisher={APS}
}

@article{kirkpatrick83,
    author = {{S. Kirkpatrick and C. D. Gelatt and M. P. Vecchi}},
    title = {{Optimization by Simulated Annealing}},
    journal = {{Science, Number 4598, 13 May 1983}},
    volume = {{220, 4598}},
    pages = {671--680},
    year = 1983}

@article{devicente2003pts,
  title={{Placement by thermodynamic simulated annealing}},
  author={de Vicente, J. and Lanchares, J. and Hermida, R.},
  journal={Physics Letters A},
  volume={317},
  number={5-6},
  pages={415--423},
  year={2003},
  publisher={Elsevier}
}

@book{brown1829bam,
  title={{A Brief Account of Microscopical Observations: Made in the Months of
	  June, July, and August, 1827, on the Particles Contained in the Pollen of
		  Plants and on the General Existence of Active Molecules in Organic and
		  Inorganic Bodies}},
  author={Brown, R.},
  year=1829,
  publisher={Printed by R. Taylor}
}
